@book{Hartley2004,
  author = {Hartley, Richard and Zisserman, Andrew},
  title = {Multiple View Geometry in Computer Vision},
  edition = {2nd},
  publisher = {Cambridge University Press},
  year = {2004},
  address = {New York, NY, USA},
  isbn = {0521540518},
  url = {https://www.cambridge.org/core/books/multiple-view-geometry-in-computer-vision/0B6F289C78B2B23F596CAA76D3D43F7A},
}


@misc{imagineRio,
  title={Situated Views of Rio de Janeiro},
  author={imagineRio},
  year={2023},
  howpublished={Instituto Moreira Salles},
  url={https://www.imaginerio.org/pt},
  note={Acessado em 21 de novembro de 2023}
}

@misc{Ferranti2021,
  author = {Ferranti, Tomás},
  title = {Single image 3D building reconstruction using adjacent rectangles parallel to an axis},
  year = {2021},
  howpublished = {Trabalho de conclusão de curso},
  school = {FGV EMAp - Escola de Matemática Aplicada},
  url = {https://hdl.handle.net/10438/33214},
  note = {Acessado em 21 de novembro de 2023}
}

@article{illingworth1988survey,
  title={A survey of the Hough transform},
  author={Illingworth, John and Kittler, Josef},
  journal={Computer vision, graphics, and image processing},
  volume={44},
  number={1},
  pages={87--116},
  year={1988},
  publisher={Elsevier}
}

@misc{nyu_dataset,
  author = {Silberman, Nathan},
  title = {NYU Depth Dataset V2},
  year = {2012},
  howpublished = {\url{https://cs.nyu.edu/~silberman/datasets/nyu_depth_v2.html}},
  note = {Acessado em: 25 de outubro de 2023}
}

@article{nyu_depth_v2,
  title={Indoor semantic segmentation using depth information},
  author={Couprie, Camille and Farabet, Cl{\'e}ment and Najman, Laurent and LeCun, Yann},
  journal={arXiv preprint arXiv:1301.3572},
  year={2013}
}

@article{shrivakshan2012comparison,
  title={A comparison of various edge detection techniques used in image processing},
  author={Shrivakshan, GT and Chandrasekar, Chandramouli},
  journal={International Journal of Computer Science Issues (IJCSI)},
  volume={9},
  number={5},
  pages={269},
  year={2012},
  publisher={Citeseer}
}

@misc{xie2015holisticallynested,
      title={Holistically-Nested Edge Detection}, 
      author={Saining Xie and Zhuowen Tu},
      year={2015},
      eprint={1504.06375},
      archivePrefix={arXiv},
      primaryClass={cs.CV}
}

@book{Goodfellow-et-al-2016,
    title={Deep Learning},
    author={Ian Goodfellow and Yoshua Bengio and Aaron Courville},
    publisher={MIT Press},
    note={\url{http://www.deeplearningbook.org}},
    year={2016}
}

@book{bishop2016pattern,
  title={Pattern Recognition and Machine Learning},
  author={Bishop, C.M.},
  isbn={9781493938438},
  lccn={2006922522},
  series={Information Science and Statistics},
  url={https://www.microsoft.com/en-us/research/uploads/prod/2006/01/Bishop-Pattern-Recognition-and-Machine-Learning-2006.pdf},
  year={2016},
  publisher={Springer New York}
}

@article{BSDS500, author = {Arbelaez, Pablo and Maire, Michael and Fowlkes, Charless and Malik, Jitendra}, title = {Contour Detection and Hierarchical Image Segmentation}, journal = {IEEE Transactions on Pattern Analysis and Machine Intelligence}, volume = {33}, number = {5}, pages = {898–916}, year = {2011}, doi = {10.1109/TPAMI.2010.161} }

@article{VGG16, author = {Simonyan, Karen and Zisserman, Andrew}, title = {Very Deep Convolutional Networks for Large-Scale Image Recognition}, journal = {arXiv preprint arXiv:1409.1556}, year = {2014} }

@misc{LineSegmentDetector,
  author = {OpenCV},
  title = {LineSegmentDetector Class Reference},
  year = {2023},
  howpublished = {\url{https://docs.opencv.org/3.4/db/d73/classcv_1_1LineSegmentDetector.html#a1816a3c27f7c9b8d8acffec14451d4c4}}
}

@misc{opencv_library,
  title={Open Source Computer Vision Library},
  author={Itseez},
  year={2015},
  howpublished = {\url{https://github.com/itseez/opencv}}
}
% to cite the manual
@manual{opencv_manual,
  title = {The OpenCV Reference Manual},
  organization = {Itseez},
  month = {4},
  year = {2014},
  notes = {See \url{http://opencv.org/}}
  }

  @misc{HIPR2,
  title = {Morphology},
  author = {Fisher, R. and Perkins, S. and Walker, A. and Wolfart, E.},
  year = {2003},
  url = {https://homepages.inf.ed.ac.uk/rbf/HIPR2/morops.htm}
}

@misc{opencv_morphology,
  title={Morphological Transformations},
  author={OpenCV},
  year={2023},
  howpublished = {\url{https://docs.opencv.org/3.4/d9/d61/tutorial_py_morphological_ops.html}}
}

@misc{opencv_blur,
  title={Smoothing Images},
  author={OpenCV},
  year={2023},
  howpublished = {\url{https://docs.opencv.org/3.4/dc/dd3/tutorial_gausian_median_blur_bilateral_filter.html}}
}

@article{matas2000robust,
  title={Robust Detection of Lines Using the Progressive Probabilistic Hough Transform},
  author={Jiri Matas and Charles Galambos and Josef Kittler},
  journal={Comput. Vis. Image Underst.},
  year={2000},
  volume={78},
  pages={119-137},
  url={https://api.semanticscholar.org/CorpusID:35118732}
}

@misc{opencv_hough,
  title={Hough Line Transform},
  author={OpenCV},
  year={2023},
  howpublished = {\url{https://docs.opencv.org/3.4/d9/db0/tutorial_hough_lines.html}}
}

@misc{salvador,

author = {Imagem de Adamy Gianinni por Pixabay},

title = {Centro histórico de Salvador, Bahia, Brasil},

year = {2023},

url = {https://pixabay.com/pt/users/adamygianinni-8676966/?utm_source=link-attribution&utm_medium=referral&utm_campaign=image&utm_content=3323275},

}